%YAML 1.1
%TAG !u! tag:unity3d.com,2011:
--- !u!114 &3787731092137288502
MonoBehaviour:
  m_ObjectHideFlags: 0
  m_CorrespondingSourceObject: {fileID: 0}
  m_PrefabInstance: {fileID: 0}
  m_PrefabAsset: {fileID: 0}
  m_GameObject: {fileID: 798560426589362201}
  m_Enabled: 1
  m_EditorHideFlags: 0
  m_Script: {fileID: 11500000, guid: 892e494b261c1ec4caff05772f414872, type: 3}
  m_Name: 
  m_EditorClassIdentifier: 
  _objet: {fileID: 798560426589362201}
  _zoomPoint: {fileID: 6747448945740723445, guid: 9fba51ffa26fae34589e9b7f7a5b76b2,
    type: 3}
--- !u!114 &5333821627482261743
MonoBehaviour:
  m_ObjectHideFlags: 0
  m_CorrespondingSourceObject: {fileID: 0}
  m_PrefabInstance: {fileID: 0}
  m_PrefabAsset: {fileID: 0}
  m_GameObject: {fileID: 798560426589362201}
  m_Enabled: 1
  m_EditorHideFlags: 0
  m_Script: {fileID: 11500000, guid: 66a1c3862a580e1418f1c7515f3f5f37, type: 3}
  m_Name: 
  m_EditorClassIdentifier: 
  _perso: {fileID: 798560426589362201}
  _objet1: {fileID: 1633430940074370190}
  _objet2: {fileID: 5638635375699040548}
--- !u!1 &8255948986349844496
GameObject:
  m_ObjectHideFlags: 0
  m_CorrespondingSourceObject: {fileID: 0}
  m_PrefabInstance: {fileID: 0}
  m_PrefabAsset: {fileID: 0}
  serializedVersion: 6
  m_Component:
  - component: {fileID: 7646257079755296871}
  m_Layer: 0
  m_Name: Guide
  m_TagString: Untagged
  m_Icon: {fileID: 0}
  m_NavMeshLayer: 0
  m_StaticEditorFlags: 0
  m_IsActive: 1
--- !u!4 &7646257079755296871
Transform:
  m_ObjectHideFlags: 0
  m_CorrespondingSourceObject: {fileID: 0}
  m_PrefabInstance: {fileID: 0}
  m_PrefabAsset: {fileID: 0}
  m_GameObject: {fileID: 8255948986349844496}
  m_LocalRotation: {x: 0, y: 0, z: 0, w: 1}
  m_LocalPosition: {x: -0.7199384, y: 0.7796494, z: -0.19238281}
  m_LocalScale: {x: 1, y: 1, z: 1}
  m_Children:
  - {fileID: 4417564641838623242}
  - {fileID: 5279475514785135331}
  - {fileID: 2793621135939422762}
  m_Father: {fileID: 0}
  m_RootOrder: 0
  m_LocalEulerAnglesHint: {x: 0, y: 0, z: 0}
--- !u!1001 &2989359328611450463
PrefabInstance:
  m_ObjectHideFlags: 0
  serializedVersion: 2
  m_Modification:
    m_TransformParent: {fileID: 7646257079755296871}
    m_Modifications:
    - target: {fileID: 2479609837762750022, guid: 72f615a8ffa1b6f4193cc8dcc3bfe306,
        type: 3}
      propertyPath: m_Name
      value: perso
      objectReference: {fileID: 0}
    - target: {fileID: 1455227667136599125, guid: 72f615a8ffa1b6f4193cc8dcc3bfe306,
        type: 3}
      propertyPath: m_LocalPosition.x
      value: -0.0034951542
      objectReference: {fileID: 0}
    - target: {fileID: 1455227667136599125, guid: 72f615a8ffa1b6f4193cc8dcc3bfe306,
        type: 3}
      propertyPath: m_LocalPosition.y
      value: 0
      objectReference: {fileID: 0}
    - target: {fileID: 1455227667136599125, guid: 72f615a8ffa1b6f4193cc8dcc3bfe306,
        type: 3}
      propertyPath: m_LocalPosition.z
      value: 0.042962156
      objectReference: {fileID: 0}
    - target: {fileID: 1455227667136599125, guid: 72f615a8ffa1b6f4193cc8dcc3bfe306,
        type: 3}
      propertyPath: m_LocalRotation.x
      value: 0
      objectReference: {fileID: 0}
    - target: {fileID: 1455227667136599125, guid: 72f615a8ffa1b6f4193cc8dcc3bfe306,
        type: 3}
      propertyPath: m_LocalRotation.y
      value: 1
      objectReference: {fileID: 0}
    - target: {fileID: 1455227667136599125, guid: 72f615a8ffa1b6f4193cc8dcc3bfe306,
        type: 3}
      propertyPath: m_LocalRotation.z
      value: 0
      objectReference: {fileID: 0}
    - target: {fileID: 1455227667136599125, guid: 72f615a8ffa1b6f4193cc8dcc3bfe306,
        type: 3}
      propertyPath: m_LocalRotation.w
      value: 0
      objectReference: {fileID: 0}
    - target: {fileID: 1455227667136599125, guid: 72f615a8ffa1b6f4193cc8dcc3bfe306,
        type: 3}
      propertyPath: m_RootOrder
      value: 0
      objectReference: {fileID: 0}
    - target: {fileID: 1455227667136599125, guid: 72f615a8ffa1b6f4193cc8dcc3bfe306,
        type: 3}
      propertyPath: m_LocalEulerAnglesHint.x
      value: 0
      objectReference: {fileID: 0}
    - target: {fileID: 1455227667136599125, guid: 72f615a8ffa1b6f4193cc8dcc3bfe306,
        type: 3}
      propertyPath: m_LocalEulerAnglesHint.y
      value: 180
      objectReference: {fileID: 0}
    - target: {fileID: 1455227667136599125, guid: 72f615a8ffa1b6f4193cc8dcc3bfe306,
        type: 3}
      propertyPath: m_LocalEulerAnglesHint.z
      value: 0
      objectReference: {fileID: 0}
    m_RemovedComponents: []
  m_SourcePrefab: {fileID: 100100000, guid: 72f615a8ffa1b6f4193cc8dcc3bfe306, type: 3}
--- !u!1 &798560426589362201 stripped
GameObject:
  m_CorrespondingSourceObject: {fileID: 2479609837762750022, guid: 72f615a8ffa1b6f4193cc8dcc3bfe306,
    type: 3}
  m_PrefabInstance: {fileID: 2989359328611450463}
  m_PrefabAsset: {fileID: 0}
--- !u!4 &4417564641838623242 stripped
Transform:
  m_CorrespondingSourceObject: {fileID: 1455227667136599125, guid: 72f615a8ffa1b6f4193cc8dcc3bfe306,
    type: 3}
  m_PrefabInstance: {fileID: 2989359328611450463}
  m_PrefabAsset: {fileID: 0}
--- !u!1001 &5148257795060189626
PrefabInstance:
  m_ObjectHideFlags: 0
  serializedVersion: 2
  m_Modification:
    m_TransformParent: {fileID: 7646257079755296871}
    m_Modifications:
    - target: {fileID: 662660057746165918, guid: 97804818baa6e244fb516892aa892acf,
        type: 3}
      propertyPath: m_Name
      value: Objet 2
      objectReference: {fileID: 0}
    - target: {fileID: 662660057746165918, guid: 97804818baa6e244fb516892aa892acf,
        type: 3}
      propertyPath: m_IsActive
      value: 0
      objectReference: {fileID: 0}
    - target: {fileID: 7040998338694710160, guid: 97804818baa6e244fb516892aa892acf,
        type: 3}
      propertyPath: m_LocalPosition.x
      value: 0.58
      objectReference: {fileID: 0}
    - target: {fileID: 7040998338694710160, guid: 97804818baa6e244fb516892aa892acf,
        type: 3}
      propertyPath: m_LocalPosition.y
      value: 1.11
      objectReference: {fileID: 0}
    - target: {fileID: 7040998338694710160, guid: 97804818baa6e244fb516892aa892acf,
        type: 3}
      propertyPath: m_LocalPosition.z
      value: -0.19238281
      objectReference: {fileID: 0}
    - target: {fileID: 7040998338694710160, guid: 97804818baa6e244fb516892aa892acf,
        type: 3}
      propertyPath: m_LocalRotation.x
      value: 0
      objectReference: {fileID: 0}
    - target: {fileID: 7040998338694710160, guid: 97804818baa6e244fb516892aa892acf,
        type: 3}
      propertyPath: m_LocalRotation.y
      value: 0
      objectReference: {fileID: 0}
    - target: {fileID: 7040998338694710160, guid: 97804818baa6e244fb516892aa892acf,
        type: 3}
      propertyPath: m_LocalRotation.z
      value: 0
      objectReference: {fileID: 0}
    - target: {fileID: 7040998338694710160, guid: 97804818baa6e244fb516892aa892acf,
        type: 3}
      propertyPath: m_LocalRotation.w
      value: 1
      objectReference: {fileID: 0}
    - target: {fileID: 7040998338694710160, guid: 97804818baa6e244fb516892aa892acf,
        type: 3}
      propertyPath: m_RootOrder
      value: 2
      objectReference: {fileID: 0}
    - target: {fileID: 7040998338694710160, guid: 97804818baa6e244fb516892aa892acf,
        type: 3}
      propertyPath: m_LocalEulerAnglesHint.x
      value: 0
      objectReference: {fileID: 0}
    - target: {fileID: 7040998338694710160, guid: 97804818baa6e244fb516892aa892acf,
        type: 3}
      propertyPath: m_LocalEulerAnglesHint.y
      value: 0
      objectReference: {fileID: 0}
    - target: {fileID: 7040998338694710160, guid: 97804818baa6e244fb516892aa892acf,
        type: 3}
      propertyPath: m_LocalEulerAnglesHint.z
      value: 0
      objectReference: {fileID: 0}
    m_RemovedComponents: []
  m_SourcePrefab: {fileID: 100100000, guid: 97804818baa6e244fb516892aa892acf, type: 3}
--- !u!1 &5638635375699040548 stripped
GameObject:
  m_CorrespondingSourceObject: {fileID: 662660057746165918, guid: 97804818baa6e244fb516892aa892acf,
    type: 3}
  m_PrefabInstance: {fileID: 5148257795060189626}
  m_PrefabAsset: {fileID: 0}
--- !u!4 &2793621135939422762 stripped
Transform:
  m_CorrespondingSourceObject: {fileID: 7040998338694710160, guid: 97804818baa6e244fb516892aa892acf,
    type: 3}
  m_PrefabInstance: {fileID: 5148257795060189626}
  m_PrefabAsset: {fileID: 0}
--- !u!1001 &7268861808385839007
PrefabInstance:
  m_ObjectHideFlags: 0
  serializedVersion: 2
  m_Modification:
    m_TransformParent: {fileID: 7646257079755296871}
    m_Modifications:
    - target: {fileID: 8235732987191110417, guid: 90724e91eed815d4fa2d750b5b4f15b9,
        type: 3}
      propertyPath: m_Name
      value: Objet 1
      objectReference: {fileID: 0}
    - target: {fileID: 8235732987191110417, guid: 90724e91eed815d4fa2d750b5b4f15b9,
        type: 3}
      propertyPath: m_IsActive
      value: 0
      objectReference: {fileID: 0}
    - target: {fileID: 3288850725171246460, guid: 90724e91eed815d4fa2d750b5b4f15b9,
        type: 3}
      propertyPath: m_LocalPosition.x
      value: -0.5
      objectReference: {fileID: 0}
    - target: {fileID: 3288850725171246460, guid: 90724e91eed815d4fa2d750b5b4f15b9,
        type: 3}
      propertyPath: m_LocalPosition.y
      value: 1
      objectReference: {fileID: 0}
    - target: {fileID: 3288850725171246460, guid: 90724e91eed815d4fa2d750b5b4f15b9,
        type: 3}
      propertyPath: m_LocalPosition.z
      value: 0.021623328
      objectReference: {fileID: 0}
    - target: {fileID: 3288850725171246460, guid: 90724e91eed815d4fa2d750b5b4f15b9,
        type: 3}
      propertyPath: m_LocalRotation.x
      value: 0
      objectReference: {fileID: 0}
    - target: {fileID: 3288850725171246460, guid: 90724e91eed815d4fa2d750b5b4f15b9,
        type: 3}
      propertyPath: m_LocalRotation.y
      value: 0
      objectReference: {fileID: 0}
    - target: {fileID: 3288850725171246460, guid: 90724e91eed815d4fa2d750b5b4f15b9,
        type: 3}
      propertyPath: m_LocalRotation.z
      value: 0
      objectReference: {fileID: 0}
    - target: {fileID: 3288850725171246460, guid: 90724e91eed815d4fa2d750b5b4f15b9,
        type: 3}
      propertyPath: m_LocalRotation.w
      value: 1
      objectReference: {fileID: 0}
    - target: {fileID: 3288850725171246460, guid: 90724e91eed815d4fa2d750b5b4f15b9,
        type: 3}
      propertyPath: m_RootOrder
      value: 1
      objectReference: {fileID: 0}
    - target: {fileID: 3288850725171246460, guid: 90724e91eed815d4fa2d750b5b4f15b9,
        type: 3}
      propertyPath: m_LocalEulerAnglesHint.x
      value: 0
      objectReference: {fileID: 0}
    - target: {fileID: 3288850725171246460, guid: 90724e91eed815d4fa2d750b5b4f15b9,
        type: 3}
      propertyPath: m_LocalEulerAnglesHint.y
      value: 0
      objectReference: {fileID: 0}
    - target: {fileID: 3288850725171246460, guid: 90724e91eed815d4fa2d750b5b4f15b9,
        type: 3}
      propertyPath: m_LocalEulerAnglesHint.z
      value: 0
      objectReference: {fileID: 0}
    m_RemovedComponents: []
  m_SourcePrefab: {fileID: 100100000, guid: 90724e91eed815d4fa2d750b5b4f15b9, type: 3}
--- !u!1 &1633430940074370190 stripped
GameObject:
  m_CorrespondingSourceObject: {fileID: 8235732987191110417, guid: 90724e91eed815d4fa2d750b5b4f15b9,
    type: 3}
  m_PrefabInstance: {fileID: 7268861808385839007}
  m_PrefabAsset: {fileID: 0}
--- !u!4 &5279475514785135331 stripped
Transform:
  m_CorrespondingSourceObject: {fileID: 3288850725171246460, guid: 90724e91eed815d4fa2d750b5b4f15b9,
    type: 3}
  m_PrefabInstance: {fileID: 7268861808385839007}
  m_PrefabAsset: {fileID: 0}
